<record><leader>00000cas a22000007a 4500</leader><controlfield tag="001">34539765</controlfield><controlfield tag="008">960410c19229999vaudr ne      0    0eng d</controlfield><datafield ind1=" " ind2=" " tag="010"><subfield code="a">sn 96096572 </subfield></datafield><datafield ind1=" " ind2=" " tag="040"><subfield code="a">NVK</subfield><subfield code="b">eng</subfield><subfield code="c">NVK</subfield><subfield code="d">OCLCQ</subfield><subfield code="d">OCLCF</subfield><subfield code="d">OCLCO</subfield></datafield><datafield ind1="1" ind2=" " tag="029"><subfield code="a">AU@</subfield><subfield code="b">000012367486</subfield></datafield><datafield ind1=" " ind2=" " tag="042"><subfield code="a">msc</subfield></datafield><datafield ind1=" " ind2=" " tag="043"><subfield code="a">n-us-va</subfield></datafield><datafield ind1="0" ind2=" " tag="130"><subfield code="a">Southwest times (Pulaski, Va. : 1922)</subfield></datafield><datafield ind1="1" ind2="4" tag="245"><subfield code="a">The Southwest times.</subfield></datafield><datafield ind1=" " ind2=" " tag="260"><subfield code="a">Pulaski, Va. :</subfield><subfield code="b">Southwest Pub. Co.,</subfield><subfield code="c">1922-</subfield></datafield><datafield ind1=" " ind2=" " tag="300"><subfield code="a">v.</subfield></datafield><datafield ind1=" " ind2=" " tag="310"><subfield code="a">Daily (except Sun.)</subfield></datafield><datafield ind1=" " ind2=" " tag="321"><subfield code="a">Frequency varies,</subfield><subfield code="b">1923-1926</subfield></datafield><datafield ind1="0" ind2=" " tag="362"><subfield code="a">Vol. 17 no. 115 (July 6, 1922)-</subfield></datafield><datafield ind1=" " ind2=" " tag="500"><subfield code="a">Sunday issues called: The Sunday Southwest times.</subfield></datafield><datafield ind1=" " ind2=" " tag="530"><subfield code="a">Available on microfilm from Bell &amp; Howell, Micro Photo Div.</subfield></datafield><datafield ind1=" " ind2=" " tag="580"><subfield code="a">Published a joint Sunday edition with the News Journal, called: the Sunday Times Journal, Apr. 4, 1976-Oct. 23, 1977.</subfield></datafield><datafield ind1=" " ind2="0" tag="651"><subfield code="a">Pulaski (Va.)</subfield><subfield code="v">Newspapers.</subfield></datafield><datafield ind1=" " ind2="7" tag="655"><subfield code="a">Newspapers.</subfield><subfield code="2">fast</subfield><subfield code="0">(OCoLC)fst01423814</subfield></datafield><datafield ind1=" " ind2="7" tag="651"><subfield code="a">Virginia</subfield><subfield code="z">Pulaski.</subfield><subfield code="2">fast</subfield><subfield code="0">(OCoLC)fst01222305</subfield></datafield><datafield ind1=" " ind2=" " tag="752"><subfield code="a">United States</subfield><subfield code="b">Virginia</subfield><subfield code="c">Pulaski</subfield><subfield code="d">Pulaski.</subfield></datafield><datafield ind1="0" ind2="0" tag="780"><subfield code="t">Southwest times and news-review</subfield><subfield code="w">(DLC)sn 96096573</subfield></datafield><datafield ind1="1" ind2=" " tag="787"><subfield code="t">News journal (Radford, Va.)</subfield><subfield code="w">(DLC)sn 98068334</subfield></datafield></record>